@article{
Exempel1,
Author = {Nilsson, S. and Ohlsson, A. and Johansson, C},
Title = {Exempel p√• en referens},
Journal = {Kalle Anka},
Volume = {50},
Pages = {9-19},
Year = {2001} }
